@article{WHO,
  author={World Health Organization},
  title={Low Back Pain},
  journal={World Health Organization},
  publisher={World Health Organization},
  year={2023},
  month={Jun},
  url={https://www.who.int/news-room/fact-sheets/detail/low-back-pain#:~:text=An\%20estimated\%20619\%20million\%20people,on\%20individuals\%20and\%20on\%20societies.},
}

@misc{transformer,
  title={Attention Is All You Need}, 
  author={Ashish Vaswani and Noam Shazeer and Niki Parmar and Jakob Uszkoreit and Llion Jones and Aidan N. Gomez and Lukasz Kaiser and Illia Polosukhin},
  year={2023},
  eprint={1706.03762},
  archivePrefix={arXiv},
  primaryClass={cs.CL},
  url={https://arxiv.org/abs/1706.03762}, 
}

@misc{VIT,
  title={An Image is Worth 16x16 Words: Transformers for Image Recognition at Scale},
  author={Alexey Dosovitskiy and Lucas Beyer and Alexander Kolesnikov and Dirk Weissenborn and Xiaohua Zhai and Thomas Unterthiner and Mostafa Dehghani and Matthias Minderer and Georg Heigold and Sylvain Gelly and Jakob Uszkoreit and Neil Houlsby},
  booktitle={ICLR 2021},
  year={2021},
  url={https://arxiv.org/abs/2010.11929}
}

@misc{unet,
  title={U-Net: Convolutional Networks for Biomedical Image Segmentation}, 
  author={Olaf Ronneberger and Philipp Fischer and Thomas Brox},
  year={2015},
  eprint={1505.04597},
  archivePrefix={arXiv},
  primaryClass={cs.CV},
  url={https://arxiv.org/abs/1505.04597}, 
}

@misc{kan,
  title={KAN: Kolmogorov-Arnold Networks}, 
  author={Ziming Liu and Yixuan Wang and Sachin Vaidya and Fabian Ruehle and James Halverson and Marin Soljačić and Thomas Y. Hou and Max Tegmark},
  year={2024},
  eprint={2404.19756},
  archivePrefix={arXiv},
  primaryClass={cs.LG},
  url={https://arxiv.org/abs/2404.19756}, 
}

@article{mlp_approx_thm,
  title={Multilayer feedforward networks are universal approximators},
  author={Kurt Hornik and Maxwell B. Stinchcombe and Halbert L. White},
  journal={Neural Networks},
  year={1989},
  volume={2},
  pages={359-366},
  url={https://api.semanticscholar.org/CorpusID:2757547}
}

@misc{kan_approx_thm,
  title={The Kolmogorov-Arnold representation theorem revisited}, 
  author={Johannes Schmidt-Hieber},
  year={2021},
  eprint={2007.15884},
  archivePrefix={arXiv},
  primaryClass={cs.LG},
  url={https://arxiv.org/abs/2007.15884}, 
}

@misc{convnet,
  title={A ConvNet for the 2020s}, 
  author={Zhuang Liu and Hanzi Mao and Chao-Yuan Wu and Christoph Feichtenhofer and Trevor Darrell and Saining Xie},
  year={2022},
  eprint={2201.03545},
  archivePrefix={arXiv},
  primaryClass={cs.CV},
  url={https://arxiv.org/abs/2201.03545}, 
}
